@book{JS:06,
  title={Numerical optimization},
  author={Nocedal, Jorge and Wright, Stephen},
  year={2006},
  publisher={Springer Science \& Business Media}
}
@article{OG:17,
  title={A short proof of the bolzano-weierstrass theorem},
  author={Oman, Greg},
  journal={The College Mathematics Journal},
  year={2017}
}

@book{BD:14,
  title={Constrained optimization and Lagrange multiplier methods},
  author={Bertsekas, Dimitri P},
  year={2014},
  publisher={Academic press}
}

@article{SG:16,
  title={On differentiating parameterized argmin and argmax problems with application to bi-level optimization},
  author={Gould, Stephen and Fernando, Basura and Cherian, Anoop and Anderson, Peter and Cruz, Rodrigo Santa and Guo, Edison},
  journal={arXiv preprint arXiv:1607.05447},
  year={2016}
}

@article{AB:17,
  title={Optnet: Differentiable optimization as a layer in neural networks},
  author={Amos, Brandon and Kolter, J Zico},
  journal={arXiv preprint arXiv:1703.00443},
  year={2017}
}

@book{NT:36,
  title={The Method of Fluxions and Infinite Series; with Its Application to the Geometry of Curve-lines... Translated from the Author's Latin Original Not Yet Made Publick. To which is Subjoin'd a Perpetual Comment Upon the Whole Work... by J. Colson},
  author={Newton, Isaac and Colson, John},
  year={1736}
}

@article{DP:09,
  title={N{\"a}herungsformeln f{\"u}r die Zylinderfunktionen f{\"u}r gro{\ss}e Werte des Arguments und unbeschr{\"a}nkt ver{\"a}nderliche Werte des Index},
  author={Debye, Peter},
  journal={Mathematische Annalen},
  volume={67},
  number={4},
  pages={535--558},
  year={1909},
  publisher={Springer}
}

@article{SG:19,
  title={Deep declarative networks: A new hope},
  author={Gould, Stephen and Hartley, Richard and Campbell, Dylan},
  journal={arXiv preprint arXiv:1909.04866},
  year={2019}
}

@article{YO:05,
  title={Penalty function methods for constrained optimization with genetic algorithms},
  author={Yeniay, {\"O}zg{\"u}r},
  journal={Mathematical and computational Applications},
  volume={10},
  number={1},
  pages={45--56},
  year={2005},
  publisher={Association for Scientific Research}
}

@book{BS:04,
  title={Convex optimization},
  author={Boyd, Stephen and Boyd, Stephen P and Vandenberghe, Lieven},
  year={2004},
  publisher={Cambridge university press}
}

@article{PE:88,
  title={A QP-free, globally convergent, locally superlinearly convergent algorithm for inequality constrained optimization},
  author={Panier, Eliane R and Tits, Andr{\'e} L and Herskovits, Jos{\'e} N},
  journal={SIAM Journal on Control and Optimization},
  volume={26},
  number={4},
  pages={788--811},
  year={1988},
  publisher={SIAM}
}

@article{DJ:77,
  title={Quasi-Newton methods, motivation and theory},
  author={Dennis, Jr, John E and Mor{\'e}, Jorge J},
  journal={SIAM review},
  volume={19},
  number={1},
  pages={46--89},
  year={1977},
  publisher={SIAM}
}

@article{QH:00,
  title={A new QP-free, globally convergent, locally superlinearly convergent algorithm for inequality constrained optimization},
  author={Qi, Hou-Duo and Qi, Liqun},
  journal={SIAM Journal on Optimization},
  volume={11},
  number={1},
  pages={113--132},
  year={2000},
  publisher={SIAM}
}

@article{JH:99,
  title={Global convergence analysis of the generalized Newton and Gauss-Newton methods of the Fischer-Burmeister equation for the complementarity problem},
  author={Jiang, Houyuan},
  journal={Mathematics of Operations Research},
  volume={24},
  number={3},
  pages={529--543},
  year={1999},
  publisher={INFORMS}
}

@article{PM:69,
  title={A method for nonlinear constraints in minimization problems},
  author={Powell, Michael JD},
  journal={Optimization},
  pages={283--298},
  year={1969},
  publisher={Academic Press}
}

@article{HM:69,
  title={Multiplier and gradient methods},
  author={Hestenes, Magnus R},
  journal={Journal of optimization theory and applications},
  volume={4},
  number={5},
  pages={303--320},
  year={1969},
  publisher={Springer}
}

@book{GI:16,
  title={Deep learning},
  author={Goodfellow, Ian and Bengio, Yoshua and Courville, Aaron and Bengio, Yoshua},
  volume={1},
  year={2016},
  publisher={MIT press Cambridge}
}

@article{WP:19,
  title={SATNet: Bridging deep learning and logical reasoning using a differentiable satisfiability solver},
  author={Wang, Po-Wei and Donti, Priya L and Wilder, Bryan and Kolter, Zico},
  journal={arXiv preprint arXiv:1905.12149},
  year={2019}
}

@inproceedings{AA:19,
  title={Differentiable convex optimization layers},
  author={Agrawal, Akshay and Amos, Brandon and Barratt, Shane and Boyd, Stephen and Diamond, Steven and Kolter, J Zico},
  booktitle={Advances in neural information processing systems},
  pages={9562--9574},
  year={2019}
}

@inproceedings{CB:20,
  title={End-to-End Learnable Geometric Vision by Backpropagating PnP Optimization},
  author={Chen, Bo and Parra, Alvaro and Cao, Jiewei and Li, Nan and Chin, Tat-Jun},
  booktitle={Proceedings of the IEEE/CVF Conference on Computer Vision and Pattern Recognition},
  pages={8100--8109},
  year={2020}
}

@article{CD:20,
  title={Solving the Blind Perspective-n-Point Problem End-To-End With Robust Differentiable Geometric Optimization},
  author={Campbell, Dylan and Liu, Liu and Gould, Stephen},
  journal={arXiv preprint arXiv:2007.14628},
  year={2020}
}

@article{AB:19,
  title={The differentiable cross-entropy method},
  author={Amos, Brandon and Yarats, Denis},
  journal={arXiv preprint arXiv:1909.12830},
  year={2019}
}

@inproceedings{NM:20,
  title={Differentiable volumetric rendering: Learning implicit 3d representations without 3d supervision},
  author={Niemeyer, Michael and Mescheder, Lars and Oechsle, Michael and Geiger, Andreas},
  booktitle={Proceedings of the IEEE/CVF Conference on Computer Vision and Pattern Recognition},
  pages={3504--3515},
  year={2020}
}

@inproceedings{CR:19,
  title={Neural networks with cheap differential operators},
  author={Chen, Ricky TQ and Duvenaud, David K},
  booktitle={Advances in Neural Information Processing Systems},
  pages={9961--9971},
  year={2019}
}

@book{BJ:98,
  title={Practical Bilevel Optimization: Algorithms and Applications},
  author={Bard, Jonathan F},
  volume={30},
  year={1998},
  publisher={Springer Science \& Business Media}
}

@inproceedings{MD:15,
  title={Autograd: Effortless gradients in numpy},
  author={Maclaurin, Dougal and Duvenaud, David and Adams, Ryan P},
  booktitle={ICML 2015 AutoML Workshop},
  volume={238},
  pages={5},
  year={2015}
}

@book{AH:13,
  title={Elementary linear algebra: applications version},
  author={Anton, Howard and Rorres, Chris},
  year={2013},
  publisher={John Wiley \& Sons}
}

@book{TL:97,
  title={Numerical linear algebra},
  author={Trefethen, Lloyd N and Bau III, David},
  volume={50},
  year={1997},
  publisher={Siam}
}

@article{BI:74,
  title={Solution of an overdetermined system of equations in the l 1 norm [F4]},
  author={Barrodale, I and Roberts, FDK},
  journal={Communications of the ACM},
  volume={17},
  number={6},
  pages={319--320},
  year={1974},
  publisher={ACM New York, NY, USA}
}

@article{BI:75,
  title={Solution of an overdetermined system of linear equations in the Chebyshev norm [F4](algorithm 495)},
  author={Borrodale, I and Phillips, C},
  journal={ACM Trans. Math. Software},
  volume={1},
  number={3},
  pages={264--270},
  year={1975}
}

@article{WG:79,
  title={The minimax solution of an overdetermined system of non-linear equations},
  author={Watson, G Alistair},
  journal={IMA Journal of Applied Mathematics},
  volume={23},
  number={2},
  pages={167--180},
  year={1979},
  publisher={Oxford University Press}
}

@article{DD:05,
  title={Neighborly polytopes and sparse solutions of underdetermined linear equations},
  author={Donoho, David L},
  year={2005},
  publisher={Citeseer}
}

@article{DD:06,
  title={For most large underdetermined systems of linear equations the minimal L1-norm solution is also the sparsest solution},
  author={Donoho, David L},
  journal={Communications on Pure and Applied Mathematics: A Journal Issued by the Courant Institute of Mathematical Sciences},
  volume={59},
  number={6},
  pages={797--829},
  year={2006},
  publisher={Wiley Online Library}
}

@article{DM:06,
  title={Symmetric successive overrelaxation methods for rank deficient linear systems},
  author={Darvishi, MT and Khosro-Aghdam, R},
  journal={Applied mathematics and computation},
  volume={173},
  number={1},
  pages={404--420},
  year={2006},
  publisher={Elsevier}
}

@article{WX:04,
  title={Conjugate gradient method for rank deficient saddle point problems},
  author={Wu, X and Silva, BPB and Yuan, JY},
  journal={Numerical Algorithms},
  volume={35},
  number={2-4},
  pages={139--154},
  year={2004},
  publisher={Springer}
}

@article{WJ:97,
  title={Recurrent neural networks for computing pseudoinverses of rank-deficient matrices},
  author={Wang, Jun},
  journal={SIAM Journal on Scientific Computing},
  volume={18},
  number={5},
  pages={1479--1493},
  year={1997},
  publisher={SIAM}
}

@article{RH:51,
  title={A stochastic approximation method},
  author={Robbins, Herbert and Monro, Sutton},
  journal={The annals of mathematical statistics},
  pages={400--407},
  year={1951},
  publisher={JSTOR}
}

@inproceedings{RS:16,
  title={Stochastic variance reduction for nonconvex optimization},
  author={Reddi, Sashank J and Hefny, Ahmed and Sra, Suvrit and Poczos, Barnabas and Smola, Alex},
  booktitle={International conference on machine learning},
  pages={314--323},
  year={2016}
}

@inproceedings{AZ:16,
  title={Variance reduction for faster non-convex optimization},
  author={Allen-Zhu, Zeyuan and Hazan, Elad},
  booktitle={International conference on machine learning},
  pages={699--707},
  year={2016}
}

@book{DB:10,
  title={Numerical linear algebra and applications},
  author={Datta, Biswa Nath},
  volume={116},
  year={2010},
  publisher={Siam}
}

@article{MS:93,
  title={Matching pursuits with time-frequency dictionaries},
  author={Mallat, St{\'e}phane G and Zhang, Zhifeng},
  journal={IEEE Transactions on signal processing},
  volume={41},
  number={12},
  pages={3397--3415},
  year={1993},
  publisher={IEEE}
}

@article{HM:52,
  title={Methods of conjugate gradients for solving linear systems},
  author={Hestenes, Magnus R and Stiefel, Eduard and others},
  journal={Journal of research of the National Bureau of Standards},
  volume={49},
  number={6},
  pages={409--436},
  year={1952}
}

@misc{SJ:94,
  title={An introduction to the conjugate gradient method without the agonizing pain},
  author={Shewchuk, Jonathan Richard and others},
  year={1994},
  publisher={Carnegie-Mellon University. Department of Computer Science}
}

@article{DD:58,
  title={Sparse solution of underdetermined systems of linear equations by stagewise orthogonal matching pursuit},
  author={Donoho, David L and Tsaig, Yaakov and Drori, Iddo and Starck, Jean-Luc},
  journal={IEEE transactions on Information Theory},
  volume={58},
  number={2},
  pages={1094--1121},
  year={2012},
  publisher={IEEE}
}